<?xml version='1.0' encoding='UTF-8'?>
<record xmlns="http://www.loc.gov/MARC21/slim">
  <leader>02193cam a2200337   4500</leader>
  <controlfield tag="001">2758815</controlfield>
  <controlfield tag="003">NjP</controlfield>
  <controlfield tag="005">20171010173606.0</controlfield>
  <controlfield tag="008">900719s1933    ua            000 0barar </controlfield>
  <datafield tag="024" ind1="7" ind2=" ">
    <subfield code="a">princeton_aco002720</subfield>
    <subfield code="2">local</subfield>
  </datafield>
  <datafield ind1=" " ind2=" " tag="010">
    <subfield code="a">   61020364 </subfield>
  </datafield>
  <datafield ind1=" " ind2=" " tag="035">
    <subfield code="a">(OCoLC)ocn178269706</subfield>
  </datafield>
  <datafield ind1=" " ind2=" " tag="035">
    <subfield code="a">(OCoLC)ocm22103289</subfield>
  </datafield>
  <datafield ind1=" " ind2=" " tag="040">
    <subfield code="a">DLC</subfield>
    <subfield code="c">PUL</subfield>
    <subfield code="d">PUL</subfield>
  </datafield>
  <datafield ind1=" " ind2=" " tag="035">
    <subfield code="a">(OCoLC)178269706</subfield>
  </datafield>
  <datafield ind1=" " ind2=" " tag="035">
    <subfield code="9">CNF2934TS</subfield>
  </datafield>
  <datafield ind1=" " ind2=" " tag="035">
    <subfield code="a">(NjP)2758815</subfield>
  </datafield>
  <datafield ind1=" " ind2=" " tag="079">
    <subfield code="a">ocm22103289</subfield>
  </datafield>
  <datafield ind1=" " ind2=" " tag="049">
    <subfield code="a">PULL</subfield>
  </datafield>
  <datafield ind1="0" ind2="0" tag="245">
    <subfield code="6">880-01</subfield>
    <subfield code="a">Maḥāsin al-masāʻī fī manāqib al-Imām Abī ʻAmr al-Awzāʻī,</subfield>
    <subfield code="b">ʻan nuskhah makhṭūṭah wujidat fī Maktabat Barlīn al-Mulūkīyah</subfield>
    <subfield code="c">bi-qalam Zayn al-Dīn ibn Taqī al-Dīn ibn ʻAbd al-Raḥmān al-Khaṭīb. Nashara hādhā al-kitāb baʻda tanqīhahu bi-qalamihi wa-taʻlīq ḥawāshīh wa-taṣdīruh bi-muqaddimah ʻan al-Imām al-Awzāʻī wa-bi-tarājum al-ʻulamāʼ lahu al-amīr Shakīb Arslān.</subfield>
  </datafield>
  <datafield ind1=" " ind2=" " tag="260">
    <subfield code="6">880-02</subfield>
    <subfield code="a">Miṣr,</subfield>
    <subfield code="b">Maṭbaʻat ʻĪsá al-Bābī al-Ḥalabī</subfield>
    <subfield code="c">[tārīkh al-muqaddimah 1352 1933]</subfield>
  </datafield>
  <datafield ind1=" " ind2=" " tag="300">
    <subfield code="a">166 p.</subfield>
    <subfield code="c">20 cm.</subfield>
  </datafield>
  <datafield ind1=" " ind2=" " tag="500">
    <subfield code="a">Title-page and text in Arabic.</subfield>
  </datafield>
  <datafield ind1=" " ind2=" " tag="500">
    <subfield code="a">Edited by Shakīb Arislān.</subfield>
  </datafield>
  <datafield ind1="1" ind2="0" tag="600">
    <subfield code="6">880-03</subfield>
    <subfield code="a">Awzāʻī, ʻAbd al-Raḥmān ibn ʻAmr,</subfield>
    <subfield code="d">706 or 7-774.</subfield>
  </datafield>
  <datafield ind1="1" ind2=" " tag="700">
    <subfield code="6">880-04</subfield>
    <subfield code="a">Arslān, Shakīb,</subfield>
    <subfield code="c">Amīr,</subfield>
    <subfield code="d">1869-1946,</subfield>
    <subfield code="e">editor.</subfield>
    <subfield code="0">http://id.loc.gov/authorities/names/n82164405</subfield>
  </datafield>
  <datafield ind1="0" ind2="0" tag="880">
    <subfield code="6">245-01/r</subfield>
    <subfield code="a">محاسن المساعي في مناقب الامام ابي عمرو الاوزاعي،</subfield>
    <subfield code="b">عن نسخة مخطوطة وجدة في مكتبة برلين الملوكية</subfield>
    <subfield code="c">بقلم زين الدين بن تقي الدين بن عبد الرحمن الخطيب. نشر هذه الكتاب بعد تنقيهه بقلمه وتعليق حواشيه وتصديره بمقدمة عن الامام الاوزاعي وبتراجم العلماء له الامير شكيب ارسلان.</subfield>
  </datafield>
  <datafield ind1=" " ind2=" " tag="880">
    <subfield code="6">260-02/r</subfield>
    <subfield code="a">مصر،</subfield>
    <subfield code="b">مطبعة عيسى البابي الحلبي</subfield>
    <subfield code="c">[تاريخ المقدمة 1352 1933]</subfield>
  </datafield>
  <datafield ind1="1" ind2="0" tag="880">
    <subfield code="6">600-03/r</subfield>
    <subfield code="a">اوزاعي، عبد الرحمن بن عمرو،</subfield>
    <subfield code="d">706 or 7-774.</subfield>
  </datafield>
  <datafield ind1="1" ind2=" " tag="880">
    <subfield code="6">700-04/r</subfield>
    <subfield code="a">ارسلان، شكيب،</subfield>
    <subfield code="c">امير،</subfield>
    <subfield code="d">1869-1946،</subfield>
    <subfield code="e">ط.</subfield>
  </datafield>
  <datafield ind1=" " ind2=" " tag="911">
    <subfield code="a">20000130</subfield>
  </datafield>
  <datafield ind1=" " ind2=" " tag="994">
    <subfield code="a">C0</subfield>
    <subfield code="b">PUL</subfield>
  </datafield>
  <datafield ind1=" " ind2=" " tag="999">
    <subfield code="a">2758815</subfield>
  </datafield>
  <datafield ind1="0" ind2="0" tag="852">
    <subfield code="0">3069581</subfield>
    <subfield code="b">rcppa</subfield>
    <subfield code="t">1</subfield>
    <subfield code="h">BP80.A93</subfield>
    <subfield code="i">M343 1933</subfield>
    <subfield code="x">tr fr nec</subfield>
  </datafield>
  <datafield ind1=" " ind2=" " tag="959">
    <subfield code="a">2009-06-29 11:36:22 -0500</subfield>
  </datafield>
</record>
